<?xml version="1.0" encoding="UTF-8"?><collection xmlns="http://www.loc.gov/MARC21/slim"><record><leader>00351nam--2200133-i-4500</leader><controlfield tag="001">000035775</controlfield><controlfield tag="002">20161230</controlfield><controlfield tag="005">20161230201040</controlfield><controlfield tag="008">060222s1000------------r-----000-0-eng-d</controlfield><datafield ind1=" " ind2=" " tag="100"><subfield code="a">Lipscomb, W.N</subfield></datafield><datafield ind1=" " ind2=" " tag="245"><subfield code="a">Boron hydrides</subfield></datafield><datafield ind1=" " ind2=" " tag="260"><subfield code="a">New York, W.A. Benjamin, Inc., 1963, Ix + 275p</subfield></datafield><datafield ind1=" " ind2=" " tag="490"><subfield code="a">The Physical Inorganic Chemistry Series</subfield></datafield><datafield ind1=" " ind2=" " tag="852"><subfield code="a">19264</subfield></datafield></record></collection>